<record><leader>00000cas a2200000 a 4500</leader><controlfield tag="001">37593516</controlfield><controlfield tag="008">970909d19171921oruwr ne      0    0eng c</controlfield><datafield ind1=" " ind2=" " tag="010"><subfield code="a">sn 96088040 </subfield></datafield><datafield ind1=" " ind2=" " tag="040"><subfield code="a">OCN</subfield><subfield code="b">eng</subfield><subfield code="c">OCN</subfield><subfield code="d">OCLCQ</subfield><subfield code="d">OCLCF</subfield><subfield code="d">OCLCO</subfield></datafield><datafield ind1="1" ind2=" " tag="029"><subfield code="a">AU@</subfield><subfield code="b">000013495854</subfield></datafield><datafield ind1=" " ind2=" " tag="042"><subfield code="a">pcc</subfield></datafield><datafield ind1=" " ind2=" " tag="043"><subfield code="a">n-us-or</subfield></datafield><datafield ind1="0" ind2="0" tag="245"><subfield code="a">Wallowa County reporter.</subfield></datafield><datafield ind1=" " ind2=" " tag="260"><subfield code="a">Enterprise, Or. :</subfield><subfield code="b">J.W. Boyd,</subfield><subfield code="c">1917-1921.</subfield></datafield><datafield ind1=" " ind2=" " tag="300"><subfield code="a">v.</subfield></datafield><datafield ind1=" " ind2=" " tag="310"><subfield code="a">Weekly</subfield></datafield><datafield ind1="0" ind2=" " tag="362"><subfield code="a">7th year, no. 25 (Aug. 2, 1917)-9th year, no. 41 (Feb. 10, 1921).</subfield></datafield><datafield ind1=" " ind2=" " tag="500"><subfield code="a">Some irregularities in numbering.</subfield></datafield><datafield ind1=" " ind2=" " tag="530"><subfield code="a">Also issued on microfilm from University of Oregon.</subfield></datafield><datafield ind1=" " ind2="0" tag="651"><subfield code="a">Enterprise (Or.)</subfield><subfield code="v">Newspapers.</subfield></datafield><datafield ind1=" " ind2="0" tag="651"><subfield code="a">Wallowa County (Or.)</subfield><subfield code="v">Newspapers.</subfield></datafield><datafield ind1=" " ind2="7" tag="655"><subfield code="a">Newspapers.</subfield><subfield code="2">fast</subfield><subfield code="0">(OCoLC)fst01423814</subfield></datafield><datafield ind1=" " ind2="7" tag="651"><subfield code="a">Oregon</subfield><subfield code="z">Enterprise.</subfield><subfield code="2">fast</subfield><subfield code="0">(OCoLC)fst01252161</subfield></datafield><datafield ind1=" " ind2="7" tag="651"><subfield code="a">Oregon</subfield><subfield code="z">Wallowa County.</subfield><subfield code="2">fast</subfield><subfield code="0">(OCoLC)fst01227872</subfield></datafield><datafield ind1=" " ind2=" " tag="752"><subfield code="a">United States</subfield><subfield code="b">Oregon</subfield><subfield code="c">Wallowa</subfield><subfield code="d">Enterprise.</subfield></datafield><datafield ind1="0" ind2="0" tag="780"><subfield code="t">Lostine reporter</subfield><subfield code="w">(DLC)sn 96088039</subfield></datafield><datafield ind1="0" ind2="4" tag="785"><subfield code="t">Enterprise record chieftain</subfield><subfield code="w">(DLC)sn 96088041</subfield></datafield></record>